%%% ====================================================================
%%%  BibTeX-file{
%%%     author          = "David Rhead",
%%%     version         = "1.00",
%%%     date            = "17 Feb 1990",
%%%     time            = "17:00 GMT",
%%%     filename        = "test.bib",
%%%     address         = "Cripps Computing Centre,
%%%                        University of Nottingham,
%%%                        University Park,
%%%                        Nottingham,
%%%                        NG7 2RD,
%%%                        United Kingdom",
%%%     telephone       = "+44 602 484848 Ext 2670",
%%%     FAX             = "+44 602 588138",
%%%     checksum        = "05151 839 2908 25082",
%%%     email           = "David_Rhead at uk.ac.nott.vme (JANET)",
%%%     codetable       = "ISO/ASCII",
%%%     keywords        = "bibliography, citation, references",
%%%     supported       = "no",
%%%     docstring       = "This BibTeX database file contains entries
%%%                        designed for testing whether a BibTeX style
%%%                        file lays references out as recommended by
%%%                        certain authorities.  (Note, however, that
%%%                        the BS 1629 examples are from the 1976
%%%                        edition.  The file needs updating to use
%%%                        examples from the 1989 edition instead.)
%%%
%%%                        The checksum field above contains a CRC-16
%%%                        checksum as the first value, followed by the
%%%                        equivalent of the standard UNIX wc (word
%%%                        count) utility output of lines, words, and
%%%                        characters.  This is produced by Robert
%%%                        Solovay's checksum utility.",
%%%  }
%%% ====================================================================


%% @COMMENT{Some standard works describing conventions for citations
%%      and bibliographies}
@Misc{rish-01,
  author=	"Irina Rish",
  title=	"An empirical Study ofthe naive Bayes Classifier",
  year= 	"2001",
  howpublished= "IBM Research Report",
}
@Inproceedings{bayes-63,
  author =       "Thomas Bayes",
  year =         "1763",
  title =        "An Essey Towards solving a Problem in Doctrine of Chances",
  booktitle =    "Philosophical Transactions of the Royal Society of London",
  editor =       "Richard Price",
  address =      "London",
  pages =        "370--418",
}
@Article{hand-yu,
 title=			"Idiot's Bayes -- Not so stupid after all?",
 author=		"David Hand and Keming Yu",
   year =       "2001",
  journal =     "International Stastistical Review",
  vol=			"69",
  pages =       "385--398",
}
@Article{rosenblatt-58,
title ="The Perceptron: A Probabilistic Model for Information Storage and Organization in the Brain",
author = "Frank Rosenblatt",
year ="1958",
journal ="Psychological Review",
vol = "65",
noumber ="6",
pages = "286--408",
}


@Book{dsm,
  year =         "1996",
editor = "Vera Folnegović-Šmalc",
  title =        "Dijagnostički i statistički priručnik za duševne poremećaje : DSM-IV : međunarodna verzija s MKB-10 šiframa",
  address =      "Jastrebarsko ",
  publisher =    "Naklada Slap",
note= " objavila Američka psihijatrijska udruga "
}



@Misc{icd,
  author=	"World Health Organization WHO",
  title=	"ICD-10 : The ICD-10 Classification of Mental and Behavioural Disorders : Clinical Descriptions and Diagnostic Guidelines",
  year= 	"1992",
  howpublished= "\texttt{http://www.who.int/classifications/icd/en/}",
}

@Article{strous-2009,
  title =	{Automated Characterization and Identification of Schizophrenia in Writing},
  author = 	{Rael Strous and Moshe Koppel and Jonathan Fine and Smadar Nachliel and Ginette Shaked and Ari Zivotofsky},
  year =	{2009},
  journal =	{Journal of Nervous and Mental Disease},
  volume = 	{197},
  number =	{8},
  pages = 	{585--588},
}

@Article{exray,
  author =       "Joachim Diederich and Aqeel Al-Ajmi and Peter Yellowlees",
  year =         "2007 ",
  title =        "Ex-ray: Data mining and mental health",
  journal =      "Applied Soft Computing",
  volume =		 "7 ",
  number =	"3",
  pages = 	"923--927",
}



@Article{crea,
  author =       "Claudia M. Santosa and Connie M. Strong and Cecylia Nowakowska and Po W. Wang and
Courtney M. Rennicke and Terence A. Ketter",
  year =         "2007 ",
  title =        "Enhanced creativity in bipolar disorder patients: A controlled study",
  journal =      "Journal of Affective Disorders",
  volume =		 "100 ",

  pages = 	"31--39",
}

@Article{coyotl,
  author =       "R.M. Coyotl-Morales and L. Villaseñor-Pineda and M. Montes-y Gómez and P. Rosso and
L.T. del Lenguaje",
  year =         "2006 ",
  title =        "Authorship attribution using word sequences",
  journal =      "Lecture Notes in Computer Science",
  volume =		 "4225 ",

pages= "844",
}

@Misc{kristo,
  author=	"Igor Belša and Tomislav Reicher and Ivan Krišto",
  title=	"Automatizirano prepoznavanje autora teksta",
  year= 	"2010",
  howpublished= "Dokumentacija za projekt iz kolegija Strojno učenje: Fakultet elektrotehnike i računarstva: Zagreb",
}

@Article{tweedie,
  author =       "F.J. Tweedie and R.H. Baayen",
  year =         "2006 ",
  title =        "How variable may a constant be? Measures of lexical richness in perspective",
  journal =      "Computers and the Humanities",
  volume =		 "32 ",
  number= "5",
  pages= "323--352",
}


@Misc{ribaric,
  author=	"Slobodan Ribarić",
  title=	"Predavanja iz kolegija Raspoznavanje uzoraka: Fakultet elektrotehnike i računarstva: Zagreb",
  year= 	"2010",
  howpublished= "",
}

@Manual{yh05,
  author =	 {Yasser EL-Manzalawy and Vasant Honavar},
  title =	 {{WLSVM}: Integrating LibSVM into Weka Environment},
  year =	 {2005},

}
@Inproceedings{john-95,
  author =       "George H. John and Pat Langley",
  year =         "1995",
  title =        "Estimating Continous Distributions in Bayesian classifiers",
  booktitle =    "Proceedings of the Eleventh Conference on Uncertainty in Artificial Intelligence",
  publisher=  	 "Morgan Kaufmann Publishers"
  address =      "San Mateo",
}
@Article{cortes-vap,
author = "Corinna Cortes and Vladimir Vapnik",
title ="Support-Vector Networks",
journal="Machine Learning",
vol ="20",
pages="273--297",
year="1995",
}

